<?xml version="1.0" encoding="UTF-8"?>
<marc21:record xmlns:marc21="http://www.loc.gov/MARC21/slim" xmlns:xsi="http://www.w3.org/2001/XMLSchema-instance" xsi:schemaLocation="http://www.loc.gov/MARC21/slim http://www.loc.gov/standards/marcxml/schema/MARC21slim.xsd">
   <marc21:leader>00000nkmaa  000005ak4500</marc21:leader>
   <marc21:controlfield tag="008">000000|19041910xx|||||||||||||||||d</marc21:controlfield>
   <marc21:datafield ind1=" " ind2=" " tag="035">
      <marc21:subfield code="a">(DSI-AAA)7709</marc21:subfield>
   </marc21:datafield>
   <marc21:datafield ind1=" " ind2=" " tag="040">
      <marc21:subfield code="a">DSI-AAA</marc21:subfield>
      <marc21:subfield code="e">gihc</marc21:subfield>
   </marc21:datafield>
   <marc21:datafield ind1=" " ind2=" " tag="098">
      <marc21:subfield code="a">Archives of American Art</marc21:subfield>
      <marc21:subfield code="b">AAA</marc21:subfield>
   </marc21:datafield>
   <marc21:datafield ind1="1" ind2="0" tag="245">
      <marc21:subfield code="a">Ethel Pennewill Brown and Olive Rush reading outside</marc21:subfield>
   </marc21:datafield>
   <marc21:datafield ind1=" " ind2=" " tag="260">
      <marc21:subfield code="c">between 1904 and 1910</marc21:subfield>
   </marc21:datafield>
   <marc21:datafield ind1=" " ind2=" " tag="300">
      <marc21:subfield code="a">1 photographic print  :</marc21:subfield>
      <marc21:subfield code="b">b&amp;w ;</marc21:subfield>
      <marc21:subfield code="c">7 x 9 cm.</marc21:subfield>
   </marc21:datafield>
   <marc21:datafield ind1=" " ind2=" " tag="520">
      <marc21:subfield code="a">Identification on verso (handwritten): [?] Katherine - OR. + EPB.</marc21:subfield>
   </marc21:datafield>
   <marc21:datafield ind1=" " ind2=" " tag="561">
      <marc21:subfield code="a" />
   </marc21:datafield>
   <marc21:datafield ind1=" " ind2=" " tag="590">
      <marc21:subfield code="a">Women</marc21:subfield>
   </marc21:datafield>
   <marc21:datafield ind1=" " ind2="0" tag="600">
      <marc21:subfield code="a">Brown, Ethel Pennewill</marc21:subfield>
      <marc21:subfield code="x" />
      <marc21:subfield code="2" />
   </marc21:datafield>
   <marc21:datafield ind1=" " ind2="0" tag="600">
      <marc21:subfield code="a">Rush, Olive</marc21:subfield>
      <marc21:subfield code="x" />
      <marc21:subfield code="2" />
   </marc21:datafield>
   <marc21:datafield ind1=" " ind2="7" tag="650">
      <marc21:subfield code="a">Artists in groups</marc21:subfield>
      <marc21:subfield code="x" />
      <marc21:subfield code="2">AAA</marc21:subfield>
   </marc21:datafield>
   <marc21:datafield ind1=" " ind2="7" tag="650">
      <marc21:subfield code="a">Women artists</marc21:subfield>
      <marc21:subfield code="x" />
      <marc21:subfield code="2" />
   </marc21:datafield>
   <marc21:datafield ind1=" " ind2="7" tag="655">
      <marc21:subfield code="a">Photographs</marc21:subfield>
      <marc21:subfield code="x" />
      <marc21:subfield code="2">AAA</marc21:subfield>
   </marc21:datafield>
   <marc21:datafield ind1=" " ind2=" " tag="773">
      <marc21:subfield code="t">Olive Rush papers</marc21:subfield>
      <marc21:subfield code="d">1879-1967</marc21:subfield>
   </marc21:datafield>
   <marc21:datafield ind1=" " ind2=" " tag="852">
      <marc21:subfield code="a">Archives of American Art, Smithsonian Institution</marc21:subfield>
      <marc21:subfield code="e">Washington, D.C. 20560</marc21:subfield>
   </marc21:datafield>
   <marc21:datafield ind1="4" ind2=" " tag="856">
      <marc21:subfield code="3">Record Link</marc21:subfield>
      <marc21:subfield code="u">http://www.aaa.si.edu/collections/items/detail/ethel-pennewill-brown-and-olive-rush-reading-outside-7709</marc21:subfield>
   </marc21:datafield>
   <marc21:datafield ind1="4" ind2=" " tag="856">
      <marc21:subfield code="3">Thumbnail</marc21:subfield>
      <marc21:subfield code="u">http://www.aaa.si.edu/assets/images/rusholiv/thumbnail/AAA_rusholiv_20485.jpg</marc21:subfield>
      <marc21:subfield code="x">1</marc21:subfield>
   </marc21:datafield>
   <marc21:datafield ind1="4" ind2=" " tag="856">
      <marc21:subfield code="3">Fullsize</marc21:subfield>
      <marc21:subfield code="u">http://www.aaa.si.edu/assets/images/rusholiv/fullsize/AAA_rusholiv_20485.jpg</marc21:subfield>
      <marc21:subfield code="x">1</marc21:subfield>
   </marc21:datafield>
   <marc21:datafield ind1="4" ind2=" " tag="856">
      <marc21:subfield code="3">Thumbnail</marc21:subfield>
      <marc21:subfield code="u">http://www.aaa.si.edu/assets/images/rusholiv/thumbnail/AAA_rusholiv_20486.jpg</marc21:subfield>
      <marc21:subfield code="x">2</marc21:subfield>
   </marc21:datafield>
   <marc21:datafield ind1="4" ind2=" " tag="856">
      <marc21:subfield code="3">Fullsize</marc21:subfield>
      <marc21:subfield code="u">http://www.aaa.si.edu/assets/images/rusholiv/fullsize/AAA_rusholiv_20486.jpg</marc21:subfield>
      <marc21:subfield code="x">2</marc21:subfield>
   </marc21:datafield>
</marc21:record>

